<?xml version="1.0" encoding="utf-8"?>
<record xmlns="http://www.loc.gov/MARC21/slim" xmlns:xsi="http://www.w3.org/2001/XMLSchema-instance" xsi:schemaLocation="http://www.loc.gov/MARC21/slim http://www.loc.gov/standards/marcxml/schema/MARC21slim.xsd">
	<leader>     nam a22        4500</leader>
	<controlfield tag="001">7111264</controlfield>
	<controlfield tag="003">NIC</controlfield>
	<controlfield tag="006">m        d        </controlfield>
	<controlfield tag="007">cr cn |||m|||a</controlfield>
	<controlfield tag="008">160323s1975    ir      o     000 0 arard</controlfield>
	<datafield ind1=" " ind2=" " tag="040">
		<subfield code="a">NNU</subfield>
		<subfield code="b">eng</subfield>
		<subfield code="e">rda</subfield>
		<subfield code="c">NNU</subfield>
	</datafield>
	<datafield ind1=" " ind2="4" tag="050">
		<subfield code="a">R143</subfield>
		<subfield code="b">.T22 1975</subfield>
	</datafield>
	<datafield ind1=" " ind2="4" tag="060">
		<subfield code="a">WA 11 JA7 A3f 1928a</subfield>
	</datafield>
	<datafield ind1="1" ind2=" " tag="100">
		<subfield code="6">880-01</subfield>
		<subfield code="a">Ṭabarī, ʻAlī ibn Sahl Rabbān,</subfield>
		<subfield code="d">active 9th century.</subfield>
	</datafield>
	<datafield ind1="1" ind2="0" tag="245">
		<subfield code="6">880-02</subfield>
		<subfield code="a">Firdaws al-ḥikmah fī al-ṭibb /</subfield>
		<subfield code="c">li-Abī al-Ḥasan ʻAlī ibn Sahl Rabban al-Ṭabarī ; qad iʻtaná bi-naskhihi wa-taṣḥīḥihi min naskhat Barlīn wa-al-Mūzah al-Birīṭānīyah wa-Ghūtā wa-naskhat Ḥakīm Khawājah Kamāl Muḥammad Zubayr al-Siddiqi.</subfield>
	</datafield>
	<datafield ind1=" " ind2=" " tag="260">
		<subfield code="6">880-03</subfield>
		<subfield code="a">[Baghdād] :</subfield>
		<subfield code="b">[Maktabat al-Mutanabbī],</subfield>
		<subfield code="c">[1975?]</subfield>
	</datafield>
	<datafield ind1=" " ind2=" " tag="300">
		<subfield code="a">online resource (32, 620 pages)</subfield>
	</datafield>
	<datafield ind1=" " ind2=" " tag="336">
		<subfield code="a">text</subfield>
		<subfield code="2">rdacontent</subfield>
	</datafield>
	<datafield ind1=" " ind2=" " tag="337">
		<subfield code="a">computer</subfield>
		<subfield code="2">rdamedia</subfield>
	</datafield>
	<datafield ind1=" " ind2=" " tag="338">
		<subfield code="a">online resource</subfield>
		<subfield code="2">rdacarrier</subfield>
	</datafield>
	<datafield ind1=" " ind2=" " tag="500">
		<subfield code="a">Added t.p.: Firdausu'l-ḥikmah or paradise of wisdom / of ʻAli b. Rabban al-Ṭabari.</subfield>
	</datafield>
	<datafield ind1=" " ind2=" " tag="500">
		<subfield code="a">Reprint of the ed. published in Berlin, 1928.</subfield>
	</datafield>
	<datafield ind1=" " ind2=" " tag="500">
		<subfield code="a">Preface also in English.</subfield>
	</datafield>
	<datafield ind1=" " ind2=" " tag="500">
		<subfield code="a">Part of the Arabic Collections Online (ACO) project, contributed by Cornell University Libraries.</subfield>
	</datafield>
	<datafield ind1=" " ind2=" " tag="533">
		<subfield code="a">Electronic reproduction.</subfield>
		<subfield code="b">New York, N.Y. :</subfield>
		<subfield code="c">New York University,</subfield>
		<subfield code="d">2016.</subfield>
		<subfield code="5">NNU</subfield>
	</datafield>
	<datafield ind1=" " ind2="0" tag="650">
		<subfield code="a">Medicine, Arab.</subfield>
	</datafield>
	<datafield ind1=" " ind2="0" tag="650">
		<subfield code="a">Physiology.</subfield>
	</datafield>
	<datafield ind1=" " ind2="0" tag="650">
		<subfield code="a">Human anatomy.</subfield>
	</datafield>
	<datafield ind1=" " ind2="2" tag="650">
		<subfield code="a">Medicine, Arabic.</subfield>
	</datafield>
	<datafield ind1=" " ind2="2" tag="650">
		<subfield code="a">Physiology.</subfield>
	</datafield>
	<datafield ind1=" " ind2="2" tag="650">
		<subfield code="a">Anatomy.</subfield>
	</datafield>
	<datafield ind1=" " ind2="7" tag="650">
		<subfield code="a">Human anatomy.</subfield>
		<subfield code="2">fast</subfield>
		<subfield code="0">(OCoLC)fst00962785</subfield>
	</datafield>
	<datafield ind1=" " ind2="7" tag="650">
		<subfield code="a">Medicine, Arab.</subfield>
		<subfield code="2">fast</subfield>
		<subfield code="0">(OCoLC)fst01015186</subfield>
	</datafield>
	<datafield ind1=" " ind2="7" tag="650">
		<subfield code="a">Physiology.</subfield>
		<subfield code="2">fast</subfield>
		<subfield code="0">(OCoLC)fst01063177</subfield>
	</datafield>
	<datafield ind1="1" ind2=" " tag="700">
		<subfield code="6">880-04</subfield>
		<subfield code="a">Siddiqi, Muḥammad Zubair.</subfield>
	</datafield>
	<datafield ind1="2" ind2=" " tag="710">
		<subfield code="a">Cornell University.</subfield>
		<subfield code="b">Libraries.</subfield>
	</datafield>
	<datafield ind1="0" ind2=" " tag="730">
		<subfield code="a">Arabic Collections Online.</subfield>
	</datafield>
	<datafield ind1="0" ind2="8" tag="776">
		<subfield code="i">Print version:</subfield>
		<subfield code="a">Ṭabarī, ʻAlī ibn Sahl Rabbān, active 9th century.</subfield>
		<subfield code="t">Firdaws al-ḥikmah fī al-ṭibb</subfield>
		<subfield code="w">(NIC)7111264</subfield>
		<subfield code="w">(OCoLC)6156598</subfield>
	</datafield>
	<datafield ind1="4" ind2="0" tag="856">
		<subfield code="u">http://hdl.handle.net/2333.1/p2ngf57p</subfield>
	</datafield>
	<datafield ind1="1" ind2=" " tag="880">
		<subfield code="6">100-01/r</subfield>
		<subfield code="a">طبري، علي بن سهل ربان،</subfield>
		<subfield code="d">active 9th century.</subfield>
	</datafield>
	<datafield ind1="1" ind2="0" tag="880">
		<subfield code="6">245-02/r</subfield>
		<subfield code="a">فردوس الحكمة في الطب /</subfield>
		<subfield code="c">لابي الحسن علي بن سهل ربان الطبري ؛ قد اعتنى بنسخه وتصحيحه من نسخة برلين والموزة البريطانية وغوتا ونسخة حكيم خواجة كمال الدين، محمد زبير الصديقي.</subfield>
	</datafield>
	<datafield ind1=" " ind2=" " tag="880">
		<subfield code="6">260-03/r</subfield>
		<subfield code="a">[بغداد] :</subfield>
		<subfield code="b">[مكتبة المتنبي]،</subfield>
		<subfield code="c">[1975؟]</subfield>
	</datafield>
	<datafield ind1="1" ind2=" " tag="880">
		<subfield code="6">700-04/r</subfield>
		<subfield code="a">صديقي، محمد زبير.</subfield>
	</datafield>
	<datafield ind1=" " ind2=" " tag="959">
		<subfield code="a">NNU</subfield>
		<subfield code="b">WEB</subfield>
		<subfield code="c">GENI</subfield>
		<subfield code="t">0</subfield>
		<subfield code="m">Electronic access</subfield>
		<subfield code="s">01</subfield>
	</datafield>
	<datafield ind1=" " ind2=" " tag="999">
		<subfield code="i">NIC_7111264</subfield>
		<subfield code="o">(OCoLC)ocm06156598</subfield>
		<subfield code="s">cornell_aco000566</subfield>
		<subfield code="e">(ERROR-880)</subfield>
		<subfield code="s">cornell_aco000566</subfield>
	</datafield>
</record>
